%YAML 1.1
%TAG !u! tag:unity3d.com,2011:
--- !u!1 &2339944362056461076
GameObject:
  m_ObjectHideFlags: 0
  m_CorrespondingSourceObject: {fileID: 0}
  m_PrefabInstance: {fileID: 0}
  m_PrefabAsset: {fileID: 0}
  serializedVersion: 6
  m_Component:
  - component: {fileID: 7274512867456897739}
  - component: {fileID: 6584619662967275969}
  - component: {fileID: 2166903379576924839}
  - component: {fileID: 8907174132744251556}
  m_Layer: 0
  m_Name: Fruit_Base
  m_TagString: HelpObject
  m_Icon: {fileID: 0}
  m_NavMeshLayer: 0
  m_StaticEditorFlags: 0
  m_IsActive: 1
--- !u!4 &7274512867456897739
Transform:
  m_ObjectHideFlags: 0
  m_CorrespondingSourceObject: {fileID: 0}
  m_PrefabInstance: {fileID: 0}
  m_PrefabAsset: {fileID: 0}
  m_GameObject: {fileID: 2339944362056461076}
  m_LocalRotation: {x: 0, y: 0, z: 0, w: 1}
  m_LocalPosition: {x: 0, y: 0, z: 0}
  m_LocalScale: {x: 1, y: 1, z: 1}
  m_ConstrainProportionsScale: 0
  m_Children:
  - {fileID: 5547243693621996732}
  - {fileID: 6881753488168828847}
  m_Father: {fileID: 0}
  m_RootOrder: 0
  m_LocalEulerAnglesHint: {x: 0, y: 0, z: 0}
--- !u!54 &6584619662967275969
Rigidbody:
  m_ObjectHideFlags: 0
  m_CorrespondingSourceObject: {fileID: 0}
  m_PrefabInstance: {fileID: 0}
  m_PrefabAsset: {fileID: 0}
  m_GameObject: {fileID: 2339944362056461076}
  serializedVersion: 2
  m_Mass: 1
  m_Drag: 0
  m_AngularDrag: 0.01
  m_UseGravity: 1
  m_IsKinematic: 0
  m_Interpolate: 0
  m_Constraints: 0
  m_CollisionDetection: 0
--- !u!135 &2166903379576924839
SphereCollider:
  m_ObjectHideFlags: 0
  m_CorrespondingSourceObject: {fileID: 0}
  m_PrefabInstance: {fileID: 0}
  m_PrefabAsset: {fileID: 0}
  m_GameObject: {fileID: 2339944362056461076}
  m_Material: {fileID: 0}
  m_IsTrigger: 1
  m_Enabled: 1
  serializedVersion: 2
  m_Radius: 1
  m_Center: {x: 0, y: 0, z: 0}
--- !u!114 &8907174132744251556
MonoBehaviour:
  m_ObjectHideFlags: 0
  m_CorrespondingSourceObject: {fileID: 0}
  m_PrefabInstance: {fileID: 0}
  m_PrefabAsset: {fileID: 0}
  m_GameObject: {fileID: 2339944362056461076}
  m_Enabled: 1
  m_EditorHideFlags: 0
  m_Script: {fileID: 11500000, guid: 4d990f6c26345c443b36216733b02f2c, type: 3}
  m_Name: 
  m_EditorClassIdentifier: 
  whole: {fileID: 6110037769053791509}
  sliced: {fileID: 5165650845142693382}
--- !u!1001 &5436264500852427607
PrefabInstance:
  m_ObjectHideFlags: 0
  serializedVersion: 2
  m_Modification:
    serializedVersion: 2
    m_TransformParent: {fileID: 7274512867456897739}
    m_Modifications:
    - target: {fileID: -8679921383154817045, guid: d9a8c81ddca4f2f4eb40598c95c1b369, type: 3}
      propertyPath: m_RootOrder
      value: 0
      objectReference: {fileID: 0}
    - target: {fileID: -8679921383154817045, guid: d9a8c81ddca4f2f4eb40598c95c1b369, type: 3}
      propertyPath: m_LocalPosition.x
      value: 0
      objectReference: {fileID: 0}
    - target: {fileID: -8679921383154817045, guid: d9a8c81ddca4f2f4eb40598c95c1b369, type: 3}
      propertyPath: m_LocalPosition.y
      value: 0
      objectReference: {fileID: 0}
    - target: {fileID: -8679921383154817045, guid: d9a8c81ddca4f2f4eb40598c95c1b369, type: 3}
      propertyPath: m_LocalPosition.z
      value: 0
      objectReference: {fileID: 0}
    - target: {fileID: -8679921383154817045, guid: d9a8c81ddca4f2f4eb40598c95c1b369, type: 3}
      propertyPath: m_LocalRotation.w
      value: 1
      objectReference: {fileID: 0}
    - target: {fileID: -8679921383154817045, guid: d9a8c81ddca4f2f4eb40598c95c1b369, type: 3}
      propertyPath: m_LocalRotation.x
      value: 0
      objectReference: {fileID: 0}
    - target: {fileID: -8679921383154817045, guid: d9a8c81ddca4f2f4eb40598c95c1b369, type: 3}
      propertyPath: m_LocalRotation.y
      value: 0
      objectReference: {fileID: 0}
    - target: {fileID: -8679921383154817045, guid: d9a8c81ddca4f2f4eb40598c95c1b369, type: 3}
      propertyPath: m_LocalRotation.z
      value: 0
      objectReference: {fileID: 0}
    - target: {fileID: -8679921383154817045, guid: d9a8c81ddca4f2f4eb40598c95c1b369, type: 3}
      propertyPath: m_LocalEulerAnglesHint.x
      value: 0
      objectReference: {fileID: 0}
    - target: {fileID: -8679921383154817045, guid: d9a8c81ddca4f2f4eb40598c95c1b369, type: 3}
      propertyPath: m_LocalEulerAnglesHint.y
      value: 0
      objectReference: {fileID: 0}
    - target: {fileID: -8679921383154817045, guid: d9a8c81ddca4f2f4eb40598c95c1b369, type: 3}
      propertyPath: m_LocalEulerAnglesHint.z
      value: 0
      objectReference: {fileID: 0}
    - target: {fileID: 919132149155446097, guid: d9a8c81ddca4f2f4eb40598c95c1b369, type: 3}
      propertyPath: m_Name
      value: Sliced
      objectReference: {fileID: 0}
    - target: {fileID: 919132149155446097, guid: d9a8c81ddca4f2f4eb40598c95c1b369, type: 3}
      propertyPath: m_IsActive
      value: 0
      objectReference: {fileID: 0}
    m_RemovedComponents: []
    m_AddedGameObjects: []
  m_SourcePrefab: {fileID: 100100000, guid: d9a8c81ddca4f2f4eb40598c95c1b369, type: 3}
--- !u!1 &5165650845142693382 stripped
GameObject:
  m_CorrespondingSourceObject: {fileID: 919132149155446097, guid: d9a8c81ddca4f2f4eb40598c95c1b369, type: 3}
  m_PrefabInstance: {fileID: 5436264500852427607}
  m_PrefabAsset: {fileID: 0}
--- !u!1 &5201104992092350359 stripped
GameObject:
  m_CorrespondingSourceObject: {fileID: 243041194690276544, guid: d9a8c81ddca4f2f4eb40598c95c1b369, type: 3}
  m_PrefabInstance: {fileID: 5436264500852427607}
  m_PrefabAsset: {fileID: 0}
--- !u!54 &6915742420108410651
Rigidbody:
  m_ObjectHideFlags: 0
  m_CorrespondingSourceObject: {fileID: 0}
  m_PrefabInstance: {fileID: 0}
  m_PrefabAsset: {fileID: 0}
  m_GameObject: {fileID: 5201104992092350359}
  serializedVersion: 2
  m_Mass: 1
  m_Drag: 0
  m_AngularDrag: 0.05
  m_UseGravity: 1
  m_IsKinematic: 0
  m_Interpolate: 0
  m_Constraints: 0
  m_CollisionDetection: 0
--- !u!65 &6929979443388957130
BoxCollider:
  m_ObjectHideFlags: 0
  m_CorrespondingSourceObject: {fileID: 0}
  m_PrefabInstance: {fileID: 0}
  m_PrefabAsset: {fileID: 0}
  m_GameObject: {fileID: 5201104992092350359}
  m_Material: {fileID: 0}
  m_IsTrigger: 0
  m_Enabled: 1
  serializedVersion: 2
  m_Size: {x: 2, y: 2, z: 1.0000004}
  m_Center: {x: -0.00000022351742, y: 0.000000014901172, z: 0.50000024}
--- !u!4 &5547243693621996732 stripped
Transform:
  m_CorrespondingSourceObject: {fileID: -8679921383154817045, guid: d9a8c81ddca4f2f4eb40598c95c1b369, type: 3}
  m_PrefabInstance: {fileID: 5436264500852427607}
  m_PrefabAsset: {fileID: 0}
--- !u!1 &7203412026589599084 stripped
GameObject:
  m_CorrespondingSourceObject: {fileID: -6303116636865536453, guid: d9a8c81ddca4f2f4eb40598c95c1b369, type: 3}
  m_PrefabInstance: {fileID: 5436264500852427607}
  m_PrefabAsset: {fileID: 0}
--- !u!54 &5463756444254769339
Rigidbody:
  m_ObjectHideFlags: 0
  m_CorrespondingSourceObject: {fileID: 0}
  m_PrefabInstance: {fileID: 0}
  m_PrefabAsset: {fileID: 0}
  m_GameObject: {fileID: 7203412026589599084}
  serializedVersion: 2
  m_Mass: 1
  m_Drag: 0
  m_AngularDrag: 0
  m_UseGravity: 1
  m_IsKinematic: 0
  m_Interpolate: 0
  m_Constraints: 0
  m_CollisionDetection: 0
--- !u!65 &2452435659209857097
BoxCollider:
  m_ObjectHideFlags: 0
  m_CorrespondingSourceObject: {fileID: 0}
  m_PrefabInstance: {fileID: 0}
  m_PrefabAsset: {fileID: 0}
  m_GameObject: {fileID: 7203412026589599084}
  m_Material: {fileID: 0}
  m_IsTrigger: 0
  m_Enabled: 1
  serializedVersion: 2
  m_Size: {x: 2, y: 2, z: 1.0000004}
  m_Center: {x: -0.0000001937151, y: -0.00000001490116, z: 0.50000024}
--- !u!1001 &6343987665014544452
PrefabInstance:
  m_ObjectHideFlags: 0
  serializedVersion: 2
  m_Modification:
    serializedVersion: 2
    m_TransformParent: {fileID: 7274512867456897739}
    m_Modifications:
    - target: {fileID: -8679921383154817045, guid: 5cf31d67a6afd394e82ffb55e5d61eeb, type: 3}
      propertyPath: m_RootOrder
      value: 1
      objectReference: {fileID: 0}
    - target: {fileID: -8679921383154817045, guid: 5cf31d67a6afd394e82ffb55e5d61eeb, type: 3}
      propertyPath: m_LocalPosition.x
      value: 0
      objectReference: {fileID: 0}
    - target: {fileID: -8679921383154817045, guid: 5cf31d67a6afd394e82ffb55e5d61eeb, type: 3}
      propertyPath: m_LocalPosition.y
      value: 0
      objectReference: {fileID: 0}
    - target: {fileID: -8679921383154817045, guid: 5cf31d67a6afd394e82ffb55e5d61eeb, type: 3}
      propertyPath: m_LocalPosition.z
      value: 0
      objectReference: {fileID: 0}
    - target: {fileID: -8679921383154817045, guid: 5cf31d67a6afd394e82ffb55e5d61eeb, type: 3}
      propertyPath: m_LocalRotation.w
      value: 1
      objectReference: {fileID: 0}
    - target: {fileID: -8679921383154817045, guid: 5cf31d67a6afd394e82ffb55e5d61eeb, type: 3}
      propertyPath: m_LocalRotation.x
      value: 0
      objectReference: {fileID: 0}
    - target: {fileID: -8679921383154817045, guid: 5cf31d67a6afd394e82ffb55e5d61eeb, type: 3}
      propertyPath: m_LocalRotation.y
      value: 0
      objectReference: {fileID: 0}
    - target: {fileID: -8679921383154817045, guid: 5cf31d67a6afd394e82ffb55e5d61eeb, type: 3}
      propertyPath: m_LocalRotation.z
      value: 0
      objectReference: {fileID: 0}
    - target: {fileID: -8679921383154817045, guid: 5cf31d67a6afd394e82ffb55e5d61eeb, type: 3}
      propertyPath: m_LocalEulerAnglesHint.x
      value: 0
      objectReference: {fileID: 0}
    - target: {fileID: -8679921383154817045, guid: 5cf31d67a6afd394e82ffb55e5d61eeb, type: 3}
      propertyPath: m_LocalEulerAnglesHint.y
      value: 0
      objectReference: {fileID: 0}
    - target: {fileID: -8679921383154817045, guid: 5cf31d67a6afd394e82ffb55e5d61eeb, type: 3}
      propertyPath: m_LocalEulerAnglesHint.z
      value: 0
      objectReference: {fileID: 0}
    - target: {fileID: -7511558181221131132, guid: 5cf31d67a6afd394e82ffb55e5d61eeb, type: 3}
      propertyPath: m_Enabled
      value: 1
      objectReference: {fileID: 0}
    - target: {fileID: 919132149155446097, guid: 5cf31d67a6afd394e82ffb55e5d61eeb, type: 3}
      propertyPath: m_Name
      value: Whole
      objectReference: {fileID: 0}
    - target: {fileID: 919132149155446097, guid: 5cf31d67a6afd394e82ffb55e5d61eeb, type: 3}
      propertyPath: m_IsActive
      value: 1
      objectReference: {fileID: 0}
    m_RemovedComponents: []
    m_AddedGameObjects: []
  m_SourcePrefab: {fileID: 100100000, guid: 5cf31d67a6afd394e82ffb55e5d61eeb, type: 3}
--- !u!1 &6110037769053791509 stripped
GameObject:
  m_CorrespondingSourceObject: {fileID: 919132149155446097, guid: 5cf31d67a6afd394e82ffb55e5d61eeb, type: 3}
  m_PrefabInstance: {fileID: 6343987665014544452}
  m_PrefabAsset: {fileID: 0}
--- !u!4 &6881753488168828847 stripped
Transform:
  m_CorrespondingSourceObject: {fileID: -8679921383154817045, guid: 5cf31d67a6afd394e82ffb55e5d61eeb, type: 3}
  m_PrefabInstance: {fileID: 6343987665014544452}
  m_PrefabAsset: {fileID: 0}
